@misc{ wiki:xxx,
   author = {Wikipedia},
   title = {LaTeX --- Wikipedia{,} The Free Encyclopedia},
   year = {2013},
   howpublished = {\url{http://en.wikipedia.org/w/index.php?title=LaTeX&oldid=413720397}},
   note = {[Online; accessed 1-April-2013]}
 }

@article {staffeldt,
    AUTHOR = {Staffeldt, R. E.},
     TITLE = {Reduction theory and {$K_{3}$} of the {G}aussian integers},
   JOURNAL = {Duke Math. J.},
  FJOURNAL = {Duke Mathematical Journal},
    VOLUME = {46},
      YEAR = {1979},
    NUMBER = {4},
     PAGES = {773--798},
      ISSN = {0012-7094},
     CODEN = {DUMJAO},
   MRCLASS = {22E40 (10E20 18F25)},
  MRNUMBER = {552526 (80m:22014)},
MRREVIEWER = {Avner Ash},
       URL = {http://projecteuclid.org/getRecord?id=euclid.dmj/1077313722},
}

@book{stewart,
  author = 	 {Ian Stewart},
  editor = 	 {},
  title = 	 {Nature's {N}umbers: {T}he unreal reality of mathematics},
  publisher = 	 {BasicBooks},
  year = 	 {1995},
  OPTkey = 	 {},
  OPTvolume = 	 {},
  OPTnumber = 	 {},
  OPTseries = 	 {},
  OPTaddress = 	 {},
  OPTedition = 	 {},
  OPTmonth = 	 {},
  OPTnote = 	 {},
  OPTannote = 	 {}
}

@book {grun.book,
    AUTHOR = {Elstrodt, J. and Grunewald, F. and Mennicke, J.},
     TITLE = {Groups acting on hyperbolic space},
    SERIES = {Springer Monographs in Mathematics},
      NOTE = {Harmonic analysis and number theory},
 PUBLISHER = {Springer-Verlag},
   ADDRESS = {Berlin},
      YEAR = {1998},
     PAGES = {xvi+524},
      ISBN = {3-540-62745-6},
   MRCLASS = {11F72 (11F12 11M36 22E40 57M50 57S30)},
  MRNUMBER = {1483315 (98g:11058)},
MRREVIEWER = {Stefan K{\"u}hnlein},
}

@article {A,
    AUTHOR = {Ash, Avner},
     TITLE = {Deformation retracts with lowest possible dimension of
              arithmetic quotients of self-adjoint homogeneous cones},
   JOURNAL = {Math. Ann.},
    VOLUME = {225},
      YEAR = {1977},
    NUMBER = {1},
     PAGES = {69--76},
   MRCLASS = {20G30 (22E40)},
  MRNUMBER = {0427490 (55 \#522)},
MRREVIEWER = {E. Vinberg},
}